@misc{project_overview,
    author = "mjbooysen",
    title = "E-design 344 Project overview",
    date={17/07/2019},
    year = 2019,
    pages = "1--2",
    
}

@misc{assignment_2,
    author = "mjbooysen",
    title = "E-design 344 Project overview",
    date={28/08/2019},
    year = 2019,
    pages = "2--6", 
}

@misc{assignment_3,
    author = "mjbooysen",
    title = "E-design 344 Assignment 3",
    date={10/10/2019},
    year = 2019,
    pages = "1--4", 
}


@misc{VPD,
    author = {Wikipedia contributors},
    title = {Envelope detector},
    url = {$https://en.wikipedia.org/wiki/Envelope_detector$},
    note = {Accessed: 2019-09-13},
    year = {2018}
}

@misc{precision_peak_detector,
    author = {Gabino Alonso and Hassan Kelley},
    title = {LTC6244 High Speed Peak Detector},
    url = {https://www.analog.com/en/technical-articles/\\ltc6244-high-speed-peak-detector.html},
    note = {Accessed: 2019-09-13},
    year = {2018}
}

@misc{voltage_peak_detector,
    author = {{ALL ABOUT ELECTRONICS}},
    title = {Peak Detector Circuit Explained},
    url = {https://www.youtube.com/watch?v=w4531AVjBYY},
    note = {Accessed: 2019-09-3},
    year = {2018}
}

@misc{SwitchmodeSite,
author = {{maxim integrated}},
title = {HGlossary Term: Switching-Regulator},
url = {www.maximintegrated.com/en/glossary/definitions.mvp/term/Switching-Regulator},
year = {2018}
}

@manual{TI:LM2595,
    organization  = "Texas Instruments",
    title         = "LM2595 SIMPLE SWITCHER Power Converter 150-kHz 1-A Step-Down Voltage Regulator",
    number        =  "SNVS122C",
    year          =  2016,
    month         =  5,    
    note          = "Rev. C"
}

@manual{LM2595,
    organization  = "Texas Instruments",
    title         = "TLC227x, TLC227xA: Advanced LinCMOS Rail-to-Rail Operational Amplifiers",
    number        =  "SLOS190H",
    year          =  2016,
    month         =  "March",    
    note          = "Rev. H"
}

@manual{TLC2272,
    organization  = "Texas Instruments",
    title         = "LM2595 SIMPLE SWITCHER Power Converter 150-kHz 1-A Step-Down Voltage Regulator",
    number        =  "SNVS122C",
    year          =  2016,
    month         =  5,    
    note          = "Rev. C"
}

@manual{1N4007,
    organization  = "Diodes Incorporated",
    title         = "1.0A rectifer",
    number        = " DS280023",
    year          =  2014,
    month         =  9,    
    note          = "Rev.9-3"
}

@manual{LM7805,
    organization  = "Fairchild Semiconductor",
    title         = "MC78LXXA / LM78LXXA 3-Terminal 0.1 A Positive Voltage Regulator",
    number        = "LM78L05ACZX",
    year          =  2013,
    month         =  9,    
    note          = "Rev.1"
}

@manual{CD4070b,
    organization  = "Texas Instruments",
    title         = "CMOS Quad Exclusive-OR
and Exclusive-NOR Gate",
    number        = "SCHS055E",
    year          =  2003,
    month         =  9,    
    note          = "Rev.1"
}




@misc{non-inverting,
    author = {electronics-notes},
    title = {Op Amp Non-Inverting Amplifier: Operational Amplifier Circuit},
    url = {$https://www.electronics-notes.com/articles/analogue_circuits/operational-amplifier-op-amp/non-inverting-amplifier.php$},
    note = {Accessed: 2019-09-3},
    year = {2018}
}

@misc{ phase_wiki,
    author = "{Wikipedia contributors}",
    title = "Phase detector --- {Wikipedia}{,} The Free Encyclopedia",
    year = "2019",
    url={$https://en.wikipedia.org/w/index.php?title=Phase_detector\&oldid=914453596$},
    note = "[Online; accessed 23-September-2019]"
  }
  
@misc{ TTL_logic,
    author = "{Wikipedia contributors}",
    title = "Transistorâ€“transistor logic --- {Wikipedia}{,} The Free Encyclopedia",
    year = "2019"
  }
  

  
  @misc{DC_Analogue,
    author = { by Robert Keim},
    title = {Low-Pass Filter a PWM Signal into an Analog Voltage},
    url = {  https://www.allaboutcircuits.com/technical-articles/\\low-pass-filter-a-pwm-signal-into-an-analog-voltage/},
    note = {Accessed: 23-9-2019},
    year = {2016}
}

@misc{Comparator,
    author = "{Wikipedia contributors}",
    title = "Comparator --- {Wikipedia}{,} The Free Encyclopedia",
    year = "2019",
    url={https://en.wikipedia.org/w/index.php?title=Comparator\&oldid=914467902},
    note = "[Online; accessed 23-September-2019]"
  }
  
@misc{C_Pump_Site,
    author = {{All About Circuits}},
    title = {Build Your Own Negative Voltage Generator},
    url = {www.allaboutcircuits.com/projects/build-your-own-negative-voltage-generator/},
    year = {2016}
}

@misc{SR_Latch,
    author = {{Instructables}},
    title = {Flip-Flop Circuit (Transistor-Transistor SR Latch Circuit)},
    url = {https://www.instructables.com/id/Flip-Flop-Circuit-\\Transistor-Transistor-SR-Latch-C/},
    year = {2019}
}

@misc{beetle,
    author = {{DFRobot}},
    title = {Beetle},
    url = {$https://wiki.dfrobot.com/Beetle_SKU_DFR0282$},
    year = {2019}
}




@misc{Diode_clamping,
    author = {{Stack Exchange}},
    title = {How does a diode clamping circuit protect against overvoltage and ESD?},
    url = {https://electronics.stackexchange.com/questions/137643/\\how-does-a-diode-clamping-circuit-protect-against-overvoltage-and-esd},
    year = {2014}
}



@misc{half-wave,
    author = {{Physics and Radio Electronics}},
    title = {Half wave Rectifier},
    url = {https://www.physics-and-radio-electronics.com/electronic-devices-and\\-circuits/rectifier/halfwaverectifier.html},
    year = {2013}
}

@misc{regulators_theory,
    author = {{Wikipedia}},
    title = {Linear regulator},
    url = {$https://en.wikipedia.org/wiki/Linear_regulator$},
    year = {2008}
}



@misc{CHPump,
    author = {{Wikipedia}},
    title = {Charge Pump},
    url = {$https://en.wikipedia.org/wiki/Charge_pump$},
    year = {2015}
}



@misc{OverC,
    author = {{Siemens}},
    title = {Difference Between Overcurrent Protection and Overload Protection},
    url = {https://support.industry.siemens.com/cs/document/30550697/difference-\\between-overcurrent-protection-and-overload-protection},
    year = {2015}
}


@manual{MOC_opto,
    organization  = "Soloelectronica",
    title         = "MOC3020 THRU MOC3023 OPTOCOUPLERS/OPTOISOLATORS",
    number        = "SOES025A",
    year          =  1998,
    month         =  "April",    
    note          = "Rev.1"
}


@manual{P6KE,
    organization  = "Littlefuse",
    title         = "Transient Voltage Suppression Diodes",
    number        = "E128662/E230531",
    year          =  2011,
    month         =  "November",    
    note          = "Rev.1"
}



@manual{BZW06,
    organization  = "ST Electronics",
    title         = "BZWO6-5V8/376,BZWO6-5V8B/376B",
    number        = "E128662/E230531",
    year          =  2011,
    month         =  "November",    
    note          = "Rev.1"
}



@misc{TkInter,
    author = {{Python Wiki}},
    title = {TkInter},
    url = {https://wiki.python.org/moin/TkInter},
    year = {May}
}











