@article{Gerber:2019,
title = {{Combining grid-tied PV and intelligent water heater control to reduce the energy costs at schools in South Africa}},
journal = "Energy for Sustainable Development",
volume = "50",
pages = "117 - 125",
year = "2019",
issn = "0973-0826",
doi = "https://doi.org/10.1016/j.esd.2019.03.004",
author = "S. Gerber and A. J. Rix and M. J. Booysen",
}


@INPROCEEDINGS{Booysen:2013, 
author={M. J. {Booysen} and S. J. {Andersen} and A. S. {Zeeman}}, 
booktitle={16th International IEEE Conference on Intelligent Transportation Systems (ITSC 2013)}, 
title={{Informal public transport in Sub-Saharan Africa as a vessel for novel Intelligent Transport Systems}}, 
year={2013}, 
volume={}, 
number={}, 
pages={767-772}, 
doi={10.1109/ITSC.2013.6728324}, 
ISSN={2153-0009}, 
month={Oct},}

@misc{WebsiteOpAmp,
author = {{BBC}},
title = {How to make opamps amp op},
url = {www.electronics-tutorials.ws},
year = {2018}
}

@misc{SwitchmodeSite,
author = {{maxim integrated}},
title = {HGlossary Term: Switching-Regulator},
url = {www.maximintegrated.com/en/glossary/definitions.mvp/term/Switching-Regulator},
year = {2018}
}

@manual{TI:LM2595,
    organization  = "Texas Instruments",
    title         = "LM2595 SIMPLE SWITCHER Power Converter 150-kHz 1-A Step-Down Voltage Regulator",
    number        =  "SNVS122C",
    year          =  2016,
    month         =  5,    
    note          = "Rev. C"
}

@manual{DiodesI:1N4007,
    organization  = "Diodes Incorporated",
    title         = "1.0A rectifer",
    number        = " DS280023",
    year          =  2014,
    month         =  9,    
    note          = "Rev.9-3"
}

@manual{MC75VReg,
    organization  = "Fairchild Semiconductir",
    title         = "MC78LXXA / LM78LXXA 3-Terminal 0.1 A Positive Voltage Regulator",
    number        = "LM78L05ACZX",
    year          =  2013,
    month         =  9,    
    note          = "Rev.1"
}


@misc{C_Pump_Site,
author = {{All About Circuits}},
title = {Build Your Own Negative Voltage Generator},
url = {www.allaboutcircuits.com/projects/build-your-own-negative-voltage-generator/},
year = {2016}
}

%https://www.physics-and-radio-electronics.com/electronic-devices-and-circuits/rectifier/halfwaverectifier.html

% https://www.electronics-notes.com/articles/analogue_circuits/power-supply-electronics/capacitor-smoothing-circuits.php

% https://www.allaboutcircuits.com/projects/build-your-own-negative-voltage-generator/


% http://www.ermicro.com/blog/?p=423

% https://electronics.stackexchange.com/questions/83968/how-to-calculate-a-transistor-response-time-to-a-square-wave